
@Book{pathplanning,
author = {LaValle, Steven M.},
title = {Planning Algorithms},
year = {2006},
isbn = {0521862051},
edition = {1st},
publisher = {Cambridge University Press},
address={New York, NY, USA},
pages={226--248}
}
%p226-248

@ARTICLE{robwork,
 author={Ellekilde, Lars-Peter and Jorgensen, Jimmy A.},
 journal={Robotics (ISR), 2010 41st International Symposium on and 2010 6th German Conference on Robotics (ROBOTIK)},
 title={RobWork: A Flexible Toolbox for Robotics Research and Education},
 year={2010},
 month={june},
 pages={1 -7},
} 

@ONLINE{kukakr16,
author={KUKA Industrial Robots},
year={2015},
title={KR 16-2},
url={http://www.kuka-robotics.com/en/products/industrial_robots/low/kr16_2/start.htm}
}
